@article{Eigen1971,
  title={Selforganization of matter and the evolution of biological macromolecules},
  author={Eigen, Manfred},
  journal={Naturwissenschaften},
  volume={58},
  number={10},
  pages={465--523},
  year={1971},
  publisher={Springer}
}

@article{Knuth1968,
  title={Semantics of Context-free Languages},
  author={Knuth, Donald E},
  journal={Mathematical Systems Theory},
  volume={2},
  number={2},
  pages={127--145},
  year={1968},
  publisher={Springer}
}

 
@book{Darwin1859,
    author    = "Charles Darwin",
    title     = "The origin of species",
    year      = "1859",
    publisher = "London : J.M. Dent ",
    address   = "London"
}

@book{MitchellM1998,
    author    = "Melanie Mitchell",
    title     = "An Introduction To Genetic Algorithms",
    year      = "1998",
    publisher = "Massachusetts: MIT press,",
    address   = "Massachusetts: MIT press, London, England "
}

@book{Goldberg1989,
    author    = "David E. Goldberg",
    title     = "Genetic Algorithms in Search, Optimization, and Machine Learning",
    year      = "1989",
    publisher = "Addison-Wesley Pulishing Company, INC,",
    address   = "Reading, Massachusetts, US "
}



@phdthesis{phdthesis,
  author       = {Samir W Mahfoud}, 
  title        = {Niching Methods For Genetic Algorithms},
  school       = {University of Illinois at Urbanna-Champaign },
  year         = 1995,
}

@book{Whitley,
    author    = "Darrell Whitley",
    title     = "A Genetic Algorithm Tutorial",
    year      = "Unknown",
    publisher = "Computer Science Department Colorado State University",
    address   = "Colorado State University Fort Collins CO 80523 "
}